<record><leader>00000cas a22000007a 4500</leader><controlfield tag="001">19610744</controlfield><controlfield tag="008">890426c19829999njuwr ne      0    0eng d</controlfield><datafield ind1=" " ind2=" " tag="010"><subfield code="a">sn 88071108 </subfield></datafield><datafield ind1=" " ind2=" " tag="040"><subfield code="a">NJW</subfield><subfield code="b">eng</subfield><subfield code="c">NJW</subfield><subfield code="d">NSD</subfield><subfield code="d">OCLCQ</subfield></datafield><datafield ind1=" " ind2=" " tag="012"><subfield code="m">X</subfield></datafield><datafield ind1=" " ind2=" " tag="042"><subfield code="a">msc</subfield></datafield><datafield ind1="0" ind2="0" tag="245"><subfield code="a">Belleville post.</subfield></datafield><datafield ind1=" " ind2=" " tag="260"><subfield code="a">Bloomfield, N.J. :</subfield><subfield code="b">Walter Worrall</subfield></datafield><datafield ind1=" " ind2=" " tag="310"><subfield code="a">Weekly</subfield></datafield><datafield ind1="1" ind2=" " tag="362"><subfield code="a">Began in 1982.</subfield></datafield><datafield ind1=" " ind2=" " tag="580"><subfield code="a">Section Two of this newspaper is called: Essex journal (Orange, N.J.), and serves as the second section for several Essex County, N.J. newspapers.</subfield></datafield><datafield ind1=" " ind2=" " tag="588"><subfield code="a">Description based on: Vol. 1, no. 3 (Feb. 3, 1982).</subfield></datafield><datafield ind1=" " ind2=" " tag="588"><subfield code="a">Latest issue consulted: Vol. 8, no. 11 (Jan. 25, 1990)</subfield></datafield><datafield ind1=" " ind2=" " tag="752"><subfield code="a">United States</subfield><subfield code="b">New Jersey</subfield><subfield code="c">Essex</subfield><subfield code="d">Bloomfield.</subfield></datafield><datafield ind1=" " ind2=" " tag="752"><subfield code="a">United States</subfield><subfield code="b">New Jersey</subfield><subfield code="c">Essex</subfield><subfield code="d">Belleville.</subfield></datafield><datafield ind1="1" ind2=" " tag="787"><subfield code="t">Essex journal (Orange, N.J.)</subfield><subfield code="w">(DLC)sn 88071374</subfield></datafield></record>